<?xml version="1.0" encoding="UTF-8"?><record xmlns="http://www.loc.gov/MARC21/slim" xmlns:cinclude="http://apache.org/cocoon/include/1.0" xmlns:zs="http://www.loc.gov/zing/srw/">
  <leader>00581cz  a2200133n  4500</leader>
  <controlfield tag="001">nr2003039329</controlfield>
  <controlfield tag="003">DLC</controlfield>
  <controlfield tag="005">20120815083724.0</controlfield>
  <controlfield tag="008">031205n| acannaabn          |n ana     c</controlfield>
  <datafield tag="010" ind1=" " ind2=" ">
    <subfield code="a">nr2003039329</subfield>
  </datafield>
  <datafield tag="040" ind1=" " ind2=" ">
    <subfield code="a">CSt</subfield>
    <subfield code="b">eng</subfield>
    <subfield code="c">CSt</subfield>
    <subfield code="d">DLC</subfield>
  </datafield>
  <datafield tag="111" ind1="2" ind2=" ">
    <subfield code="a">Colloque international "Ecrivains italiens en langue française"</subfield>
    <subfield code="d">(2000 :</subfield>
    <subfield code="c">Paris, France)</subfield>
  </datafield>
  <datafield tag="667" ind1=" " ind2=" ">
    <subfield code="a">THIS 1XX FIELD CANNOT BE USED UNDER RDA UNTIL THIS RECORD HAS BEEN REVIEWED AND/OR UPDATED</subfield>
  </datafield>
  <datafield tag="670" ind1=" " ind2=" ">
    <subfield code="a">De Marco Polo à Savinio, 2003:</subfield>
    <subfield code="b">t.p. verso (colloque international "Ecrivains italiens en langue française", Paris, Mar. 10-11, 2000)</subfield>
  </datafield>
</record>